@inproceedings{chen2021scalable,
  title={Scalable Persistent Memory File System with $\{$Kernel-Userspace$\}$ Collaboration},
  author={Chen, Youmin and Lu, Youyou and Zhu, Bohong and Arpaci-Dusseau, Andrea C and Arpaci-Dusseau, Remzi H and Shu, Jiwu},
  booktitle={19th USENIX Conference on File and Storage Technologies (FAST 21)},
  pages={81--95},
  year={2021}
}
