@inproceedings{cohen2004correlating,
  title={Correlating Instrumentation Data to System States: A Building Block for Automated Diagnosis and Control.},
  author={Cohen, Ira and Chase, Jeffrey S and Goldszmidt, Moises and Kelly, Terence and Symons, Julie},
  booktitle={OSDI},
  volume={4},
  pages={16--16},
  year={2004}
}

@inproceedings{jay2019deep,
  title={A deep reinforcement learning perspective on internet congestion control},
  author={Jay, Nathan and Rotman, Noga and Godfrey, Brighten and Schapira, Michael and Tamar, Aviv},
  booktitle={International Conference on Machine Learning},
  pages={3050--3059},
  year={2019},
  organization={PMLR}
}