@inproceedings{abadi2016tensorflow,
  title={$\{$TensorFlow$\}$: A System for $\{$Large-Scale$\}$ Machine Learning},
  author={Abadi, Mart{\'\i}n and Barham, Paul and Chen, Jianmin and Chen, Zhifeng and Davis, Andy and Dean, Jeffrey and Devin, Matthieu and Ghemawat, Sanjay and Irving, Geoffrey and Isard, Michael and others},
  booktitle={12th USENIX symposium on operating systems design and implementation (OSDI 16)},
  pages={265--283},
  year={2016}
}
@misc{tensorflowunderstan,
  title={Understanding the TensorFlow Paper},
  url={https://medium.com/@pisong/understanding-the-tensorflow-paper-5664398fe7f3},
  note = {Accessed: 2022-4-10}
}
@inproceedings{chen2018tvm,
  title={$\{$TVM$\}$: An Automated $\{$End-to-End$\}$ Optimizing Compiler for Deep Learning},
  author={Chen, Tianqi and Moreau, Thierry and Jiang, Ziheng and Zheng, Lianmin and Yan, Eddie and Shen, Haichen and Cowan, Meghan and Wang, Leyuan and Hu, Yuwei and Ceze, Luis and others},
  booktitle={13th USENIX Symposium on Operating Systems Design and Implementation (OSDI 18)},
  pages={578--594},
  year={2018}
}
@misc{federated,
  title={Federated Version of Tensorflow},
  url={https://www.tensorflow.org/federated},
  note = {Accessed: 2022-4-10}
}