@misc{HFT-PTP-NTP,
  author = {Takaaki Kurihara},
  title  = {Why High-frequency trading Systems use PTP instead of NTP?},
  note   = {https://takaaki-kurihara.medium.com/why-high-frequency-trading-systems-use-ptp-instead-of-ntp-950e62730a4/},
  year   = 2021
}
@misc{Bench-kafka,
  author = {ALOK NIKHIL, VINOTH CHANDAR},
  title  = {Benchmarking Apache Kafka, Apache Pulsar, and RabbitMQ: Which is the Fastest?},
  note   = {https://www.confluent.io/blog/kafka-fastest-messaging-system/},
  year   = 2020
}

@incollection{lamport2019time,
  title     = {Time, clocks, and the ordering of events in a distributed system},
  author    = {Lamport, Leslie},
  booktitle = {Concurrency: the Works of Leslie Lamport},
  pages     = {179--196},
  year      = {2019}
}

@article{fidge1987timestamps,
  title     = {Timestamps in message-passing systems that preserve the partial ordering},
  author    = {Fidge, Colin J},
  year      = {1987},
  publisher = {Australian National University. Department of Computer Science}
}

@article{kshemkalyani2020prime,
  title     = {Prime clock: Encoded vector clock to characterize causality in distributed systems},
  author    = {Kshemkalyani, Ajay D and Shen, Min and Voleti, Bhargav},
  journal   = {Journal of Parallel and Distributed Computing},
  volume    = {140},
  pages     = {37--51},
  year      = {2020},
  publisher = {Elsevier}
}

@inproceedings{carns2000pvfs,
  title={$\{$PVFS$\}$: A Parallel File System for Linux Clusters},
  author={Carns, Philip H and Ligon III, Walter B and Ross, Robert B and Thakur, Rajeev},
  booktitle={4th Annual Linux Showcase \& Conference (ALS 2000)},
  year={2000}
}

@inproceedings{choi2020libnvmmio,
  title={Libnvmmio: Reconstructing Software $\{$IO$\}$ Path with $\{$Failure-Atomic$\}$$\{$Memory-Mapped$\}$ Interface},
  author={Choi, Jungsik and Hong, Jaewan and Kwon, Youngjin and Han, Hwansoo},
  booktitle={2020 USENIX Annual Technical Conference (USENIX ATC 20)},
  pages={1--16},
  year={2020}
}