@article{chandy1985distributed,
  title={Distributed snapshots: Determining global states of distributed systems},
  author={Chandy, K Mani and Lamport, Leslie},
  journal={ACM Transactions on Computer Systems (TOCS)},
  volume={3},
  number={1},
  pages={63--75},
  year={1985},
  publisher={ACM New York, NY, USA}
}
@article{carbone2015lightweight,
  title={Lightweight asynchronous snapshots for distributed dataflows},
  author={Carbone, Paris and F{\'o}ra, Gyula and Ewen, Stephan and Haridi, Seif and Tzoumas, Kostas},
  journal={arXiv preprint arXiv:1506.08603},
  year={2015}
}
@inproceedings{zaharia2010spark,
  title={Spark: Cluster computing with working sets},
  author={Zaharia, Matei and Chowdhury, Mosharaf and Franklin, Michael J and Shenker, Scott and Stoica, Ion},
  booktitle={2nd USENIX Workshop on Hot Topics in Cloud Computing (HotCloud 10)},
  year={2010}
}