@article{chandy1985distributed,
  title={Distributed snapshots: Determining global states of distributed systems},
  author={Chandy, K Mani and Lamport, Leslie},
  journal={ACM Transactions on Computer Systems (TOCS)},
  volume={3},
  number={1},
  pages={63--75},
  year={1985},
  publisher={ACM New York, NY, USA}
}
@book{bernstein1987concurrency,
  title={Concurrency control and recovery in database systems},
  author={Bernstein, Philip A and Hadzilacos, Vassos and Goodman, Nathan},
  volume={370},
  year={1987},
  publisher={Addison-wesley Reading}
}