@inproceedings{kim2015towards,
  title={Towards $\{$SLO$\}$ Complying $\{$SSDs$\}$ Through $\{$OPS$\}$ Isolation},
  author={Kim, Jaeho and Lee, Donghee and Noh, Sam H},
  booktitle={13th USENIX Conference on File and Storage Technologies (FAST 15)},
  pages={183--189},
  year={2015}
}
@inproceedings{shen2011cloudscale,
  title={Cloudscale: elastic resource scaling for multi-tenant cloud systems},
  author={Shen, Zhiming and Subbiah, Sethuraman and Gu, Xiaohui and Wilkes, John},
  booktitle={Proceedings of the 2nd ACM Symposium on Cloud Computing},
  pages={1--14},
  year={2011}
}