@article{cohen2005capturing,
  title={Capturing, indexing, clustering, and retrieving system history},
  author={Cohen, Ira and Zhang, Steve and Goldszmidt, Moises and Symons, Julie and Kelly, Terence and Fox, Armando},
  journal={ACM SIGOPS Operating Systems Review},
  volume={39},
  number={5},
  pages={105--118},
  year={2005},
  publisher={ACM New York, NY, USA}
}