@inproceedings{dean2014perfscope,
  title={Perfscope: Practical online server performance bug inference in production cloud computing infrastructures},
  author={Dean, Daniel J and Nguyen, Hiep and Gu, Xiaohui and Zhang, Hui and Rhee, Junghwan and Arora, Nipun and Jiang, Geoff},
  booktitle={Proceedings of the ACM Symposium on Cloud Computing},
  pages={1--13},
  year={2014},
  organization={ACM}
}
@inproceedings{kim2016perfguard,
  title={Perfguard: binary-centric application performance monitoring in production environments},
  author={Kim, Chung Hwan and Rhee, Junghwan and Lee, Kyu Hyung and Zhang, Xiangyu and Xu, Dongyan},
  booktitle={Proceedings of the 2016 24th ACM SIGSOFT International Symposium on Foundations of Software Engineering},
  pages={595--606},
  year={2016}
}