@article{chandy1985distributed,
  title={Distributed snapshots: Determining global states of distributed systems},
  author={Chandy, K Mani and Lamport, Leslie},
  journal={ACM Transactions on Computer Systems (TOCS)},
  volume={3},
  number={1},
  pages={63--75},
  year={1985},
  publisher={ACM New York, NY, USA}
}